@book{Applegate2006,
  title={The traveling salesman problem: a computational study},
  author={Applegate, David L and Bixby, Robert E and Chvatal, Vasek and Cook, William J},
  year={2006},
  publisher={Princeton Series in Applied Mathematics}
}
@article{Dantzig1954,
  title={Solution of a large-scale traveling-salesman problem},
  author={Dantzig, George and Fulkerson, Ray and Johnson, Selmer},
  journal={Journal of the operations research society of America},
  volume={2},
  number={4},
  pages={393--410},
  year={1954},
  publisher={INFORMS}
}
@misc{Laporte2006,
  title={A short history of the traveling salesman problem},
  year = {2006},
  author={Laporte, Gilbert},
  howpublished = {\url{http://neumann.hec.ca/chairedistributique/common/laporte-short.pdf}},
  note = {Dernier acc√®s: 2019-01-10}
}
